<?xml version="1.0" encoding="UTF-8"?><collection xmlns="http://www.loc.gov/MARC21/slim"><record><leader>00396nam--2200133-i-4500</leader><controlfield tag="001">000011973</controlfield><controlfield tag="002">20161230</controlfield><controlfield tag="005">20161230201029</controlfield><controlfield tag="008">060222s1000------------r-----000-0-eng-d</controlfield><datafield ind1=" " ind2=" " tag="080"><subfield code="a">628.39</subfield></datafield><datafield ind1=" " ind2=" " tag="100"><subfield code="a">Christea, Al. Si Tzanga, L</subfield></datafield><datafield ind1=" " ind2=" " tag="245"><subfield code="a">Progrese in prevenirea si combaterea poluarii aerului</subfield></datafield><datafield ind1=" " ind2=" " tag="260"><subfield code="a">Bucuresti, Institutul National De Informatica Si Documentare, 1977. 82 P</subfield></datafield><datafield ind1=" " ind2=" " tag="852"><subfield code="a">44359</subfield></datafield></record></collection>